@misc{charlotte_data_portal,
  author       = {{City of Charlotte}},
  title        = {Charlotte Data Portal},
  year         = {2024},
  howpublished = {\url{https://data.charlottenc.gov/}},
  note         = {Accessed: 2024-06-05}
}
@misc{charlotte2024useregulations,
  author       = {Charlotte Urban Design},
  title        = {Article 15: Use Regulations - Section 15.2 Global Use Matrix},
  year         = {2024},
  url          = {https://read.charlotteudo.org/articles/article-15-use-regulations/#152-global-use-matrix},
  note         = {Accessed: 2024-06-16}
}

